Untuk setiap referensi, baris pertama (newton1687) merupakan label dan baris-baris berikutnya
merupakan atribut dari referensi yang akan digunakan. Umumnya, format referensi berikut sudah
disediakan oleh penyedia sumber referensi secara online dan bisa langsung ditaruh di sini.

Lihat https://www.bibtex.com/g/bibtex-format/ untuk informasi lebih lanjut mengenai format
BibTex yang digunakan pada file ini.

@book{stiggins2017perfect,
  title={The perfect assessment system},
  author={Stiggins, Rick},
  year={2017},
  publisher={ASCD}
}

@article{wiggins2011true,
  title={A true test: Toward more authentic and equitable assessment},
  author={Wiggins, Grant},
  journal={Phi Delta Kappan},
  volume={92},
  number={7},
  pages={81--93},
  year={2011},
  publisher={SAGE Publications Sage CA: Los Angeles, CA}
}

@article{fontaine2020exam,
  title={Exam cheating among Quebec’s preservice teachers: the influencing factors},
  author={Fontaine, Sylvie and Frenette, Eric and H{\'e}bert, Marie-H{\'e}l{\`e}ne},
  journal={International Journal for Educational Integrity},
  volume={16},
  number={1},
  pages={1--18},
  year={2020},
  publisher={Springer}
}

@article{rebecca2020,
title = "Guest editorial",
author = "Rebecca Reynolds and Chu, {Samuel K.W.}",
year = "2020",
month = jul,
day = "27",
doi = "10.1108/ILS-05-2020-144",
language = "English (US)",
volume = "121",
pages = "233--239",
journal = "Information and Learning Science",
issn = "0307-4803",
publisher = "Emerald Group Publishing Ltd.",
number = "5-6",
}

@inproceedings{peytcheva2018impact,
  title={The impact of technology on cheating and plagiarism in the assessment--The teachers’ and students’ perspectives},
  author={Peytcheva-Forsyth, Roumiana and Aleksieva, Lyubka and Yovkova, Blagovesna},
  booktitle={AIP conference proceedings},
  volume={2048},
  number={1},
  pages={020037},
  year={2018},
  organization={AIP Publishing LLC}
}

@article{sarwar2018paid,
  title={Paid academic writing services: A perceptional study of business students},
  author={Sarwar, Samiullah and Idris, Zaeemah Muhammad and Ali, Sheikh Muhammad},
  journal={International Journal of Experiential Learning \& Case Studies},
  volume={3},
  number={1},
  pages={73--83},
  year={2018}
}

@article{ahmed2018student,
  title={Student Perceptions of Academic Dishonesty in a Private Middle Eastern University.},
  author={Ahmed, Khawlah},
  journal={Higher Learning Research Communications},
  volume={8},
  number={1},
  pages={n1},
  year={2018},
  publisher={ERIC}
}

@article{birks2020managing,
  title={Managing the mutations: academic misconduct Australia, New Zealand, and the UK},
  author={Birks, Melanie and Mills, Jane and Allen, Steph and Tee, Stephen},
  journal={International Journal for Educational Integrity},
  volume={16},
  number={1},
  pages={1--15},
  year={2020},
  publisher={BioMed Central}
}

@article{grira2019rationality,
  title={Rationality and Students' Misconduct at University: Empirical Evidence and Policy Implications.},
  author={Grira, Jocelyn and Jaeck, Louis},
  journal={International Education Studies},
  volume={12},
  number={3},
  pages={10--23},
  year={2019},
  publisher={ERIC}
}

@article{stearns2001student,
  title={The student-instructor relationship's effect on academic integrity},
  author={Stearns, SA},
  journal={Ethics \& Behavior},
  volume={11},
  number={3},
  pages={275--285},
  year={2001},
  publisher={Taylor \& Francis}
}

@article{blau2021violation,
  title={Violation of digital and analog academic integrity through the eyes of faculty members and students: Do institutional role and technology change ethical perspectives?},
  author={Blau, Ina and Goldberg, Shira and Friedman, Adi and Eshet-Alkalai, Yoram},
  journal={Journal of computing in higher education},
  volume={33},
  number={1},
  pages={157--187},
  year={2021},
  publisher={Springer}
}

@article{pincus2003faculty,
  title={Faculty perceptions of academic dishonesty: A multidimensional scaling analysis},
  author={Pincus, Holly Seirup and Schmelkin, Liora Pedhazur},
  journal={The Journal of Higher Education},
  volume={74},
  number={2},
  pages={196--209},
  year={2003},
  publisher={Taylor \& Francis}
}

@article{stevens2013promoting,
  title={Promoting a culture of integrity: A study of faculty and student perceptions of academic dishonesty at a large public Midwestern university},
  author={Stevens, Tanisha Nicole},
  year={2013}
}

@article{kennedy2000academic,
  title={Academic dishonesty and distance learning: Student and faculty views.},
  author={Kennedy, Kristen and Nowak, Sheri and Raghuraman, Renuka and Thomas, Jennifer and Davis, Stephen F},
  journal={College Student Journal},
  volume={34},
  number={2},
  year={2000}
}

@article{barbaranelli2018machiavellian,
  title={Machiavellian ways to academic cheating: A mediational and interactional model},
  author={Barbaranelli, Claudio and Farnese, Maria L and Tramontano, Carlo and Fida, Roberta and Ghezzi, Valerio and Paciello, Marinella and Long, Philip},
  journal={Frontiers in psychology},
  volume={9},
  pages={695},
  year={2018},
  publisher={Frontiers}
}

@article{bashir2018development,
  title={Development and validation of academic dishonesty scale (ADS): Presenting a multidimensional scale.},
  author={Bashir, Hilal and Bala, Ranjan},
  journal={International Journal of Instruction},
  volume={11},
  number={2},
  pages={57--74},
  year={2018},
  publisher={ERIC}
}

@article{chen2009relationship,
  title={Relationship among achievement goal, academic self-efficacy and academic cheating of college students.},
  author={Chen, Xiang-li},
  journal={Chinese Journal of Clinical Psychology},
  year={2009},
  publisher={Clinical Psychological Research Ctr}
}

@article{razek2014academic,
  title={Academic integrity: A Saudi student perspective},
  author={Razek, Nasser},
  journal={Academy of Educational Leadership Journal},
  volume={18},
  number={1},
  year={2014},
  publisher={Allied Academies}
}

@article{memon2020analysis,
  title={Analysis of Student Procrastinatory Behavior in Virtual Learning Environments Using Machine Learning},
  author={Memon, Mehak Maqbool and Hashmani, Manzoor Ahmed and Jameel, Syed Muslim and Junejo, Shamshad and Raza, Kamran},
  journal={Journal of Hunan University Natural Sciences},
  volume={47},
  number={10},
  year={2020}
}

@inproceedings{fawaz2021learning,
  title={E-learning: Depression, anxiety, and stress symptomatology among Lebanese university students during COVID-19 quarantine},
  author={Fawaz, Mirna and Samaha, Ali},
  booktitle={Nursing forum},
  volume={56},
  number={1},
  pages={52--57},
  year={2021},
  organization={Wiley Online Library}
}

@article{kecojevic2020impact,
  title={The impact of the COVID-19 epidemic on mental health of undergraduate students in New Jersey, cross-sectional study},
  author={Kecojevic, Aleksandar and Basch, Corey H and Sullivan, Marianne and Davi, Nicole K},
  journal={PloS one},
  volume={15},
  number={9},
  pages={e0239696},
  year={2020},
  publisher={Public Library of Science San Francisco, CA USA}
}

@article{alateeq2020perceived,
  title={Perceived stress among students in virtual classrooms during the COVID-19 outbreak in KSA},
  author={AlAteeq, Deemah A and Aljhani, Sumayah and AlEesa, Dalal},
  journal={Journal of Taibah University Medical Sciences},
  volume={15},
  number={5},
  pages={398--403},
  year={2020},
  publisher={Elsevier}
}

@article{islam2020depression,
  title={Depression and anxiety among university students during the COVID-19 pandemic in Bangladesh: A web-based cross-sectional survey},
  author={Islam, Md Akhtarul and Barna, Sutapa Dey and Raihan, Hasin and Khan, Md Nafiul Alam and Hossain, Md Tanvir},
  journal={PloS one},
  volume={15},
  number={8},
  pages={e0238162},
  year={2020},
  publisher={Public Library of Science San Francisco, CA USA}
}

@article{aylie2020psychological,
  title={The psychological impacts of COVID-19 pandemic among university students in Bench-Sheko Zone, South-west Ethiopia: a community-based cross-sectional study},
  author={Aylie, Nigusie Shifera and Mekonen, Mengistu Ayenew and Mekuria, Rahel Matiyas},
  journal={Psychology Research and Behavior Management},
  volume={13},
  pages={813},
  year={2020},
  publisher={Dove Press}
}

@book{maramark1993,
author={Maramark, Sheilah. and Maline, Mindi Barth, and Office of Educational Research and Improvement (ED), Washington, DC. Office of Research.},
title={Academic Dishonesty Among College Students. Issues in Education [microform] / Sheilah Maramark and Mindi Barth Maline},
publisher={Distributed by ERIC Clearinghouse [Washington, D.C.] },
pages={17 p.},
year = { 1993 },
type = { Book, Microform, Online },
url = { https://eric.ed.gov/?id=ED360903 },
language = { English },
subjects = { Cheating.; Codes of Ethics.; College Administration.; College Faculty.; College Students.; Discipline Policy.; Discipline Problems.; Educational Trends.; Higher Education.; Plagiarism.; School Policy.; Student Attitudes. },
catalogue-url = { https://nla.gov.au/nla.cat-vn5561050 }
}

@article{baker2008student,
  title={Student attitudes on academic integrity violations},
  author={Baker, Russell K and Berry, Priscilla and Thornton, Barry and others},
  journal={Journal of College Teaching \& Learning (TLC)},
  volume={5},
  number={1},
  year={2008}
}

@article{faucher2009academic,
  title={Academic dishonesty: Innovative cheating techniques and the detection and prevention of them},
  author={Faucher, Dina and Caves, Sharon},
  journal={Teaching and Learning in Nursing},
  volume={4},
  number={2},
  pages={37--41},
  year={2009},
  publisher={Elsevier}
}

@article{ternes2019academic,
  title={Academic misconduct: An examination of its association with the dark triad and antisocial behavior},
  author={Ternes, Marguerite and Babin, Coady and Woodworth, Amber and Stephens, Skye},
  journal={Personality and Individual Differences},
  volume={138},
  pages={75--78},
  year={2019},
  publisher={Elsevier}
}

@article{trost2009psst,
  title={Psst, have you ever cheated? A study of academic dishonesty in Sweden},
  author={Trost, Kari},
  journal={Assessment \& Evaluation in Higher Education},
  volume={34},
  number={4},
  pages={367--376},
  year={2009},
  publisher={Taylor \& Francis}
}

@article{brimble2005perceptions,
  title={Perceptions of the prevalence and seriousness of academic dishonesty in Australian universities},
  author={Brimble, Mark and Stevenson-Clarke, Peta},
  journal={The Australian Educational Researcher},
  volume={32},
  number={3},
  pages={19--44},
  year={2005},
  publisher={Springer}
}

@article{patrzek2015investigating,
  title={Investigating the effect of academic procrastination on the frequency and variety of academic misconduct: a panel study},
  author={Patrzek, Justine and Sattler, Sebastian and van Veen, Floris and Grunschel, Carola and Fries, Stefan},
  journal={Studies in Higher Education},
  volume={40},
  number={6},
  pages={1014--1029},
  year={2015},
  publisher={Taylor \& Francis}
}

@article{lupton2000international,
  title={International perspective: A cross-national exploration of business students' attitudes, perceptions, and tendencies toward academic dishonesty},
  author={Lupton, Robert A and Chapman, Kenneth J and Weiss, John E},
  journal={Journal of Education for Business},
  volume={75},
  number={4},
  pages={231--235},
  year={2000},
  publisher={Taylor \& Francis}
}

@article{glendinning2015plagiarism,
  title={Plagiarism policies in Poland},
  author={Glendinning, Irene and J{\'o}{\'z}wik, Krzysztof and Micha{\l}owska-Dutkiewicz, A},
  journal={Impact of Policies for Plagiarism in Higher Education Across Europe},
  year={2015}
}

@article{davis1992academic,
  title={Academic dishonesty: Prevalence, determinants, techniques, and punishments},
  author={Davis, Stephen F and Grover, Cathy A and Becker, Angela H and McGregor, Loretta N},
  journal={Teaching of Psychology},
  volume={19},
  number={1},
  pages={16--20},
  year={1992},
  publisher={SAGE Publications Sage CA: Los Angeles, CA}
}

@article{belter2009strategy,
  title={A strategy to reduce plagiarism in an undergraduate course},
  author={Belter, Ronald W and Du Pre, Athena},
  journal={Teaching of Psychology},
  volume={36},
  number={4},
  pages={257--261},
  year={2009},
  publisher={Taylor \& Francis}
}

@article{mccabe2004ten,
  title={Ten (updated) principles of academic integrity: How faculty can foster student honesty},
  author={McCabe, Donald L and Pavela, Gary},
  journal={Change: The Magazine of Higher Learning},
  volume={36},
  number={3},
  pages={10--15},
  year={2004},
  publisher={Taylor \& Francis}
}

@article{owens20135,
  title={A 5-year systematic strategy to reduce plagiarism among first-year psychology university students},
  author={Owens, Caleb and White, Fiona A},
  journal={Australian Journal of Psychology},
  volume={65},
  number={1},
  pages={14--21},
  year={2013},
  publisher={Taylor \& Francis}
}

@article{cronan2017changing,
  title={Changing the academic integrity climate on campus using a technology-based intervention},
  author={Cronan, Timothy Paul and McHaney, Roger and Douglas, David E and Mullins, Jeffrey K},
  journal={Ethics \& Behavior},
  volume={27},
  number={2},
  pages={89--105},
  year={2017},
  publisher={Taylor \& Francis}
}

@article{crown1998learning,
  title={Learning from the literature on collegiate cheating: A review of empirical research},
  author={Crown, Deborah F and Spiller, M Shane},
  journal={Journal of business ethics},
  volume={17},
  number={6},
  pages={683--700},
  year={1998},
  publisher={Springer}
}

@article{roig2006attitudes,
  title={Attitudes toward cheating before and after the implementation of a modified honor code: A case study},
  author={Roig, Miguel and Marks, Amanda},
  journal={Ethics \& Behavior},
  volume={16},
  number={2},
  pages={163--171},
  year={2006},
  publisher={Taylor \& Francis}
}

@article{tindall2020negative,
  title={Negative emotionality predicts attitudes toward plagiarism},
  author={Tindall, Isabeau K and Curtis, Guy J},
  journal={Journal of Academic Ethics},
  volume={18},
  number={1},
  pages={89--102},
  year={2020},
  publisher={Springer}
}

@article{rettinger2004evaluating,
  title={Evaluating the motivation of other students to cheat: A vignette experiment},
  author={Rettinger, David A and Jordan, Augustus E and Peschiera, Francisco},
  journal={Research in Higher Education},
  volume={45},
  number={8},
  pages={873--890},
  year={2004},
  publisher={Springer}
}

@article{koscielniak2019role,
  title={The role of personal values and student achievement in academic dishonesty},
  author={Koscielniak, Maciej and Bojanowska, Agnieszka},
  journal={Frontiers in psychology},
  volume={10},
  pages={1887},
  year={2019},
  publisher={Frontiers}
}

@article{mccabe1997individual,
  title={Individual and contextual influences on academic dishonesty: A multicampus investigation},
  author={McCabe, Donald L and Trevino, Linda Klebe},
  journal={Research in higher education},
  volume={38},
  number={3},
  pages={379--396},
  year={1997},
  publisher={Springer}
}

@article{chirikov2020role,
  title={The role of faculty in reducing academic dishonesty among engineering students},
  author={Chirikov, Igor and Shmeleva, Evgeniia and Loyalka, Prashant},
  journal={Studies in Higher Education},
  volume={45},
  number={12},
  pages={2464--2480},
  year={2020},
  publisher={Taylor \& Francis}
}

@article{sattler2017use,
  title={The use frequency of 10 different methods for preventing and detecting academic dishonesty and the factors influencing their use},
  author={Sattler, Sebastian and Wiegel, Constantin and Veen, Floris van},
  journal={Studies in Higher Education},
  volume={42},
  number={6},
  pages={1126--1144},
  year={2017},
  publisher={Taylor \& Francis}
}

@article{mahmud2019students,
  title={Students’ perceptions of plagiarism policy in higher education: A comparison of the United Kingdom, Czechia, Poland and Romania},
  author={Mahmud, Saadia and Bretag, Tracey and Folt{\`y}nek, Tomas},
  journal={Journal of Academic Ethics},
  volume={17},
  number={3},
  pages={271--289},
  year={2019},
  publisher={Springer}
}

@article{patrick2012conceptualizing,
  title={Conceptualizing psychopathy in triarchic terms: Implications for treatment},
  author={Patrick, Christopher and Drislane, Laura E and Strickland, Casey},
  journal={International Journal of Forensic Mental Health},
  volume={11},
  number={4},
  pages={253--266},
  year={2012},
  publisher={Taylor \& Francis}
}

@article{curtis2018self,
  title={Self-control, injunctive norms, and descriptive norms predict engagement in plagiarism in a theory of planned behavior model},
  author={Curtis, Guy J and Cowcher, Emily and Greene, Brady R and Rundle, Kiata and Paull, Megan and Davis, Melissa C},
  journal={Journal of Academic Ethics},
  volume={16},
  number={3},
  pages={225--239},
  year={2018},
  publisher={Springer}
}

@article{drislane2014clarifying,
  title={Clarifying the content coverage of differing psychopathy inventories through reference to the triarchic psychopathy measure.},
  author={Drislane, Laura E and Patrick, Christopher J and Arsal, G{\"u}ler},
  journal={Psychological assessment},
  volume={26},
  number={2},
  pages={350},
  year={2014},
  publisher={American Psychological Association}
}

@article{nathanson2006predictors,
  title={Predictors of a behavioral measure of scholastic cheating: Personality and competence but not demographics},
  author={Nathanson, Craig and Paulhus, Delroy L and Williams, Kevin M},
  journal={Contemporary educational psychology},
  volume={31},
  number={1},
  pages={97--122},
  year={2006},
  publisher={Elsevier}
}

@book{hall2009interview,
  title={Interview assessment of boldness: Construct validity and empirical links to psychopathy and fearlessness},
  author={Hall, Jason Robert},
  year={2009},
  publisher={University of Minnesota}
}

@article{elliot2008measurement,
  title={On the measurement of achievement goals: critique, illustration, and application.},
  author={Elliot, Andrew J and Murayama, Kou},
  journal={Journal of educational psychology},
  volume={100},
  number={3},
  pages={613},
  year={2008},
  publisher={American Psychological Association}
}

@article{elliot2002approach,
  title={Approach-avoidance motivation in personality: approach and avoidance temperaments and goals.},
  author={Elliot, Andrew J and Thrash, Todd M},
  journal={Journal of personality and social psychology},
  volume={82},
  number={5},
  pages={804},
  year={2002},
  publisher={American Psychological Association}
}

@article{sellbom2013examination,
  title={An examination of the triarchic conceptualization of psychopathy in incarcerated and nonincarcerated samples.},
  author={Sellbom, Martin and Phillips, Tasha R},
  journal={Journal of Abnormal Psychology},
  volume={122},
  number={1},
  pages={208},
  year={2013},
  publisher={American Psychological Association}
}

@article{williams2010identifying,
  title={Identifying and profiling scholastic cheaters: Their personality, cognitive ability, and motivation.},
  author={Williams, Kevin M and Nathanson, Craig and Paulhus, Delroy L},
  journal={Journal of experimental psychology: applied},
  volume={16},
  number={3},
  pages={293},
  year={2010},
  publisher={American Psychological Association}
}

@article{poy2014ffm,
  title={FFM description of the triarchic conceptualization of psychopathy in men and women.},
  author={Poy, Rosario and Segarra, Pilar and Esteller, {\`A}ngels and L{\'o}pez, Ra{\'u}l and Molt{\'o}, Javier},
  journal={Psychological Assessment},
  volume={26},
  number={1},
  pages={69},
  year={2014},
  publisher={American Psychological Association}
}

@article{pilch2015polska,
  title={Polska adaptacja skali TriPM do badania psychopatii w uj{\k{e}}ciu triarchicznym},
  author={Pilch, Irena and Sanecka, El{\.z}bieta and Hyla, Magdalena and At{\l}as, Karina},
  journal={Psychologia Spo{\l}eczna},
  volume={10},
  number={4},
  pages={35},
  year={2015}
}

@article{mccabe2013big,
  title={Big Five personality profiles of context-specific achievement goals},
  author={McCabe, Kira O and Van Yperen, Nico W and Elliot, Andrew J and Verbraak, Marc},
  journal={Journal of Research in Personality},
  volume={47},
  number={6},
  pages={698--707},
  year={2013},
  publisher={Elsevier}
}

@article{bong2014perfectionism,
  title={Perfectionism and motivation of adolescents in academic contexts.},
  author={Bong, Mimi and Hwang, Arum and Noh, Arum and Kim, Sung-il},
  journal={Journal of educational psychology},
  volume={106},
  number={3},
  pages={711},
  year={2014},
  publisher={American Psychological Association}
}

@article{van2011win,
  title={To win, or not to lose, at any cost: The impact of achievement goals on cheating},
  author={Van Yperen, Nico W and Hamstra, Melvyn RW and van der Klauw, Marloes},
  journal={British Journal of Management},
  volume={22},
  pages={S5--S15},
  year={2011},
  publisher={Wiley Online Library}
}

@article{yang2013investigation,
  title={An investigation of college students’ perceptions of academic dishonesty, reasons for dishonesty, achievement goals, and willingness to report dishonest behavior},
  author={Yang, Shu Ching and Huang, Chiao-Ling and Chen, An-Sing},
  journal={Ethics \& Behavior},
  volume={23},
  number={6},
  pages={501--522},
  year={2013},
  publisher={Taylor \& Francis}
}

@article{anderman2004changes,
  title={Changes in self-reported academic cheating across the transition from middle school to high school},
  author={Anderman, Eric M and Midgley, Carol},
  journal={Contemporary Educational Psychology},
  volume={29},
  number={4},
  pages={499--517},
  year={2004},
  publisher={Elsevier}
}

@article{keohane1999fundamental,
  title={The fundamental values of academic integrity},
  author={Keohane, N},
  journal={The Center for Academic Integrity, Duke University},
  pages={1--12},
  year={1999}
}

@article{nuss1984academic,
  title={Academic integrity: Comparing faculty and student attitudes},
  author={Nuss, Elizabeth M},
  journal={Improving College and University Teaching},
  volume={32},
  number={3},
  pages={140--144},
  year={1984},
  publisher={Taylor \& Francis}
}

@article{muhammad2020factors,
  title={Factors affecting academic integrity in E-learning of Saudi Arabian Universities. An investigation using Delphi and AHP},
  author={Muhammad, Abdulhafeez and Shaikh, Asadullah and Naveed, Quadri Noorulhasan and Qureshi, Mohamed Rafik Noor},
  journal={IEEE Access},
  volume={8},
  pages={16259--16268},
  year={2020},
  publisher={IEEE}
}

@article{bertram2017academic,
  title={Academic integrity as a teaching \& learning issue: From theory to practice},
  author={Bertram Gallant, Tricia},
  journal={Theory Into Practice},
  volume={56},
  number={2},
  pages={88--94},
  year={2017},
  publisher={Taylor \& Francis}
}

@misc{krou2020achievement,
  title={Achievement motivation and academic dishonesty: A meta-analytic investigation},
  author={Krou, Megan R and Fong, Carlton J and Hoff, Meagan A},
  journal={Educational Psychology Review},
  pages={1--32},
  year={2020},
  publisher={Springer}
}

@article{moralista2020faculty,
  title={Faculty perception toward online education in higher education during the coronavirus disease 19 (COVID-19) pandemic},
  author={Moralista, Rome and Oducado, Ryan Michael},
  journal={Available at SSRN 3636438},
  year={2020}
}

@phdthesis{forgas2009ciberplagio,
  title={El ciberplagio y otras formas de deshonestidad acad{\'e}mica entre el alumnado universitario},
  author={Forgas, Rub{\'e}n Lluc Comas},
  year={2009},
  school={Universitat de les Illes Balears}
}

@article{blanch2006nivel,
  title={Nivel de conducta acad{\'e}mica deshonesta entre los estudiantes de una escuela de ciencias de la salud},
  author={Blanch-Mur, Carles and Rey-Abella, Ferran and Folch-Soler, Andreu},
  journal={Enfermer{\'\i}a cl{\'\i}nica},
  volume={16},
  number={2},
  pages={57--61},
  year={2006},
  publisher={Elsevier}
}

@article{sureda2009practicas,
  title={Pr{\'a}cticas acad{\'e}micas deshonestas en el desarrollo de ex{\'a}menes entre el alumnado universitario espa{\~n}ol},
  author={Sureda-Negre, Jaume and Comas-Forgas, Rub{\'e}n and Gili-Planas, Margalida},
  year={2009},
  publisher={Servicio de Publicaciones de la Universidad de Navarra}
}

@article{comas2011integridad,
  title={La integridad acad{\'e}mica entre el alumnado universitario espa{\~n}ol},
  author={Comas, Rub{\'e}n and Sureda, Jaume and Casero, Antonio and Morey, Merc{\`e}},
  journal={Estudios pedag{\'o}gicos (Valdivia)},
  volume={37},
  number={1},
  pages={207--225},
  year={2011},
  publisher={Universidad Austral de Chile. Facultad de Filosof{\'\i}a y Humanidades}
}

@article{sureda2020conductas,
  title={Las conductas fraudulentas del alumnado universitario espa{\~n}ol en las evaluaciones: valoraci{\'o}n de su gravedad y propuestas de sanciones a partir de un panel de expertos},
  author={Sureda-Negre, Jaume and Cerd{\'a}-Navarro, Antoni and Calvo-Sastre, Aina and Forgas, Rub{\'e}n Comas},
  journal={Revista de Investigaci{\'o}n Educativa},
  volume={38},
  number={1},
  pages={201--219},
  year={2020}
}

@article{castells2020recomendaciones,
  title={Recomendaciones sobre criterios generales para la adaptaci{\'o}n del sistema universitario espa{\~n}ol ante la pandemia del Covid-19, durante el curso 2019-2020},
  author={Castells Oliv{\'a}n, M and Pingarr{\'o}n Carraz{\'o}n, JM},
  journal={Madrid, Espa{\~n}a: Ministerio de Universidades},
  year={2020}
}

@article{cordon2020informe,
  title={Informe sobre Procedimientos de Evaluaci{\'o}n no Presencial},
  author={Cord{\'o}n, O and Alcal{\'a}, {\'A} and Arenas, M and Camarillo, J and Garc{\'\i}a, DM and Gumbau, JP and Mart{\'\i}n, JM and Mart{\'\i}nez, R and Puig, M and Sampalo, F and others},
  journal={Estudio del Impacto de su Implantaci{\'o}n en las Universidades Espa{\~n}olas y Recomendaciones Versi{\'o}n},
  volume={1},
  year={2020}
}

@article{gonzalez2020informe,
  title={Informe de iniciativas y herramientas de evaluaci{\'o}n online universitaria en el contexto del Covid-19},
  author={Gonz{\'a}lez, M and Marco, E and Medina, T},
  journal={Ministerio de Universidades},
  year={2020}
}

@article{garciaevaluacion,
  title={La evaluaci{\'o}n online en la educaci{\'o}n superior en tiempos de la COVID-19= Online Assessment in Higher Education in the Time of COVID-19},
  author={Garc{\'\i}a-Pe{\~n}alvo, Francisco Jos{\'e} and Corell, Alfredo and Grande, Mario and Abella Garc{\'\i}a, V{\'\i}ctor and Almuzara, Correl and others},
  journal={Education in the Knowledge Society (EKS)},
  number={21},
  publisher={Universidad de Salamanca: Ediciones Universidad de Salamanca}
}

@article{yu2018college,
  title={Why college students cheat: A conceptual model of five factors},
  author={Yu, Hongwei and Glanzer, Perry L and Johnson, Byron R and Sriram, Rishi and Moore, Brandon},
  journal={The Review of Higher Education},
  volume={41},
  number={4},
  pages={549--576},
  year={2018},
  publisher={Johns Hopkins University Press}
}
@article{harper2021detecting,
  title={Detecting contract cheating: examining the role of assessment type},
  author={Harper, Rowena and Bretag, Tracey and Rundle, Kiata},
  journal={Higher Education Research \& Development},
  volume={40},
  number={2},
  pages={263--278},
  year={2021},
  publisher={Taylor \& Francis}
}

@article{duff2006international,
  title={International engineering students—avoiding plagiarism through understanding the Western academic context of scholarship},
  author={Duff, Andrea H and Rogers, Derek P and Harris, Michael B},
  journal={European journal of engineering education},
  volume={31},
  number={6},
  pages={673--681},
  year={2006},
  publisher={Taylor \& Francis}
}

@article{ives2017patterns,
  title={Patterns and predictors of academic dishonesty in Romanian university students},
  author={Ives, Bob and Alama, Madalina and Mosora, Liviu Cosmin and Mosora, Mihaela and Grosu-Radulescu, Lucia and Clinciu, Aurel Ion and Cazan, Ana-Maria and Badescu, Gabriel and Tufis, Claudiu and Diaconu, Mihaela and others},
  journal={Higher Education},
  volume={74},
  number={5},
  pages={815--831},
  year={2017},
  publisher={Springer}
}

@article{kiekkas2020reasons,
  title={Reasons for academic dishonesty during examinations among nursing students: Cross-sectional survey},
  author={Kiekkas, Panagiotis and Michalopoulos, Eleni and Stefanopoulos, Nikolaos and Samartzi, Kyriaki and Krania, Panagiota and Giannikopoulou, Martha and Igoumenidis, Michael},
  journal={Nurse education today},
  volume={86},
  pages={104314},
  year={2020},
  publisher={Elsevier}
}

@misc{denisova2017challenges,
  title={The challenges of academic integrity in higher education: Current trends and prospects},
  author={Denisova-Schmidt, Elena},
  year={2017},
  publisher={The Boston College Center for International Higher Education (CIHE)}
}

@article{von2001can,
  title={Can students' academic integrity be improved? Attitudes and behaviors before and after implementation of an academic integrity policy},
  author={Von Dran, Gisela M and Callahan, Elletta Sangrey and Taylor, Heather Victoria},
  journal={Teaching Business Ethics},
  volume={5},
  number={1},
  pages={35--58},
  year={2001},
  publisher={Springer}
}

@article{bretag2019contract,
  title={Contract cheating: a survey of Australian university students},
  author={Bretag, Tracey and Harper, Rowena and Burton, Michael and Ellis, Cath and Newton, Philip and Rozenberg, Pearl and Saddiqui, Sonia and van Haeringen, Karen},
  journal={Studies in Higher Education},
  volume={44},
  number={11},
  pages={1837--1856},
  year={2019},
  publisher={Taylor \& Francis}
}

@article{foltynek2018analysis,
  title={Analysis of the contract cheating market in Czechia},
  author={Folt{\`y}nek, Tom{\'a}{\v{s}} and Kr{\'a}l{\'\i}kov{\'a}, Veronika},
  journal={International Journal for Educational Integrity},
  volume={14},
  number={1},
  pages={1--15},
  year={2018},
  publisher={BioMed Central}
}

@article{amigud2019246,
  title={246 reasons to cheat: An analysis of students’ reasons for seeking to outsource academic work},
  author={Amigud, Alexander and Lancaster, Thomas},
  journal={Computers \& Education},
  volume={134},
  pages={98--107},
  year={2019},
  publisher={Elsevier}
}

@article{murdock2006motivational,
  title={Motivational perspectives on student cheating: Toward an integrated model of academic dishonesty},
  author={Murdock, Tamera B and Anderman, Eric M},
  journal={Educational psychologist},
  volume={41},
  number={3},
  pages={129--145},
  year={2006},
  publisher={Taylor \& Francis}
}

@article{etgar2019white,
  title={White-collar crime in academia: Trends in digital academic dishonesty over time and their effect on penalty severity},
  author={Etgar, Shir and Blau, Ina and Eshet-Alkalai, Yoram},
  journal={Computers \& Education},
  volume={141},
  pages={103621},
  year={2019},
  publisher={Elsevier}
}

@article{stephens2007does,
  title={Does moral judgment go offline when students are online? A comparative analysis of undergraduates' beliefs and behaviors related to conventional and digital cheating},
  author={Stephens, Jason M and Young, Michael F and Calabrese, Thomas},
  journal={Ethics \& Behavior},
  volume={17},
  number={3},
  pages={233--254},
  year={2007},
  publisher={Taylor \& Francis}
}

@article{moss2018systematic,
  title={A systematic review into the psychological causes and correlates of plagiarism},
  author={Moss, Simon A and White, Barbara and Lee, Jim},
  journal={Ethics \& Behavior},
  volume={28},
  number={4},
  pages={261--283},
  year={2018},
  publisher={Taylor \& Francis}
}

@article{lee2017online,
  title={Online learning integrity approaches: Current practices and future solutions.},
  author={Lee-Post, Anita and Hapke, Holly},
  journal={Online Learning},
  volume={21},
  number={1},
  pages={135--145},
  year={2017},
  publisher={ERIC}
}

@article{marshall2017attack,
  title={Attack on Academic Dishonesty: What" Lies" Ahead?.},
  author={Marshall, Leisa L and Varnon, Anthony W},
  journal={Journal of academic administration in higher education},
  volume={13},
  number={2},
  pages={31--40},
  year={2017},
  publisher={ERIC}
}

@article{blau2017ethical,
  title={The ethical dissonance in digital and non-digital learning environments: Does technology promotes cheating among middle school students?},
  author={Blau, Ina and Eshet-Alkalai, Yoram},
  journal={Computers in Human Behavior},
  volume={73},
  pages={629--637},
  year={2017},
  publisher={Elsevier}
}

@article{sidi2019ethical,
  title={How is the ethical dissonance index affected by technology, academic dishonesty type and individual differences?},
  author={Sidi, Yael and Blau, Ina and Eshet-Alkalai, Yoram},
  journal={British Journal of Educational Technology},
  volume={50},
  number={6},
  pages={3300--3314},
  year={2019},
  publisher={Wiley Online Library}
}

@article{akbulut2008exploring,
  title={Exploring the types and reasons of Internet-triggered academic dishonesty among Turkish undergraduate students: Development of Internet-Triggered Academic Dishonesty Scale (ITADS)},
  author={Akbulut, Yavuz and {\c{S}}enda{\u{g}}, Serkan and Birinci, G{\"u}rkay and K{\i}l{\i}{\c{c}}er, Kerem and {\c{S}}ahin, Mehmet C and Odaba{\c{s}}{\i}, Hatice F},
  journal={Computers \& education},
  volume={51},
  number={1},
  pages={463--473},
  year={2008},
  publisher={Elsevier}
}

@article{jordan2001college,
  title={College student cheating: The role of motivation, perceived norms, attitudes, and knowledge of institutional policy},
  author={Jordan, Augustus E},
  journal={Ethics \& Behavior},
  volume={11},
  number={3},
  pages={233--247},
  year={2001},
  publisher={Taylor \& Francis}
}

@article{tatum2017honor,
  title={Honor codes: Evidence based strategies for improving academic integrity},
  author={Tatum, Holly and Schwartz, Beth M},
  journal={Theory Into Practice},
  volume={56},
  number={2},
  pages={129--135},
  year={2017},
  publisher={Taylor \& Francis}
}

@article{mccabe2002honor,
  title={Honor codes and other contextual influences on academic integrity: A replication and extension to modified honor code settings},
  author={McCabe, Donald L and Trevino, Linda Klebe and Butterfield, Kenneth D},
  journal={Research in higher Education},
  volume={43},
  number={3},
  pages={357--378},
  year={2002},
  publisher={Springer}
}

@article{boehm2009promoting,
  title={Promoting academic integrity in higher education},
  author={Boehm, Pamela J and Justice, Madeline and Weeks, Sandy and others},
  journal={The Community College Enterprise},
  volume={15},
  number={1},
  pages={45--61},
  year={2009},
  publisher={Schoolcraft College}
}

@article{edling2000information,
  title={Information technology in the classroom: experiences and recommendations},
  author={Edling, Robert J},
  journal={Campus-Wide Information Systems},
  year={2000},
  publisher={MCB UP Ltd}
}

@article{rovai2000online,
  title={Online and traditional assessments: what is the difference?},
  author={Rovai, Alfred P},
  journal={The Internet and higher education},
  volume={3},
  number={3},
  pages={141--151},
  year={2000},
  publisher={Elsevier}
}

@article{deal2002distance,
  title={Distance learning: Teaching technology online},
  author={Deal III, Walter F},
  journal={Technology and Engineering Teacher},
  volume={61},
  number={8},
  pages={21},
  year={2002},
  publisher={International Technology Education Association}
}

@article{cluskey2011thwarting,
  title={Thwarting online exam cheating without proctor supervision},
  author={Cluskey Jr, GR and Ehlen, Craig R and Raiborn, Mitchell H},
  journal={Journal of Academic and Business Ethics},
  volume={4},
  number={1},
  pages={1--7},
  year={2011},
  publisher={Academic and Business Research Institute (AABRI)}
}

@article{lawson2020schools,
  title={Are Schools Forcing Students To Install Spyware That Invades Their Privacy As A Result Of The Coronavirus Lockdown?},
  author={Lawson, Sean},
  journal={Retrieved April},
  volume={2},
  pages={2021},
  year={2020}
}

@inproceedings{holden2021academic,
  title={Academic integrity in online assessment: a research review},
  author={Holden, Olivia L and Norris, Meghan E and Kuhlmeier, Valerie A},
  booktitle={Frontiers in Education},
  pages={258},
  year={2021},
  organization={Frontiers}
}

@article{binstein2015knuckle,
  title={On Knuckle Scanners and Cheating--How to Bypass Proctortrack, Examity and the Rest},
  author={Binstein, J},
  journal={Online, January},
  year={2015}
}

@article{truong2007video,
  title={Video abstraction: A systematic review and classification},
  author={Truong, Ba Tu and Venkatesh, Svetha},
  journal={ACM transactions on multimedia computing, communications, and applications (TOMM)},
  volume={3},
  number={1},
  pages={3--es},
  year={2007},
  publisher={ACM New York, NY, USA}
}

@inproceedings{cote2016video,
  title={Video summarization for remote invigilation of online exams},
  author={Cote, Melissa and Jean, Fr{\'e}d{\'e}ric and Albu, Alexandra Branzan and Capson, David},
  booktitle={2016 IEEE Winter Conference on Applications of Computer Vision (WACV)},
  pages={1--9},
  year={2016},
  organization={IEEE}
}

@inproceedings{rabuzin2006learning,
  title={E-learning: Biometrics as a Security Factor},
  author={Rabuzin, Kornelije and Baca, Miroslav and Sajko, Mario},
  booktitle={2006 International Multi-Conference on Computing in the Global Information Technology-(ICCGI'06)},
  pages={64--64},
  year={2006},
  organization={IEEE}
}

@article{podio2001biometric,
  title={Biometric authentication technology: From the movies to your desktop},
  author={Podio, Fernando L and Dunn, Jeffrey S and others},
  journal={ITL Bulletin, May},
  pages={1--8},
  year={2001}
}

@article{cerimagic2019online,
  title={Online exam vigilantes at Australian universities: Student academic fraudulence and the role of universities to counteract},
  author={Cerimagic, Sabina and Hasan, M Rabiul},
  journal={Universal Journal of Educational Research},
  volume={7},
  number={4},
  pages={929--936},
  year={2019}
}

@article{prabhakar2002decision,
  title={Decision-level fusion in fingerprint verification},
  author={Prabhakar, Salil and Jain, Anil K},
  journal={Pattern Recognition},
  volume={35},
  number={4},
  pages={861--874},
  year={2002},
  publisher={Elsevier}
}

@article{rudrapal2012voice,
  title={Voice recognition and authentication as a proficient biometric tool and its application in online exam for PH people},
  author={Rudrapal, Dwijen and Das, Smita and Debbarma, S and Kar, N and Debbarma, N and others},
  journal={International Journal of Computer Applications},
  volume={39},
  number={12},
  pages={6--12},
  year={2012},
  publisher={International Journal of Computer Applications, 244 5 th Avenue,\# 1526, New~…}
}

@article{frischholz2000biold,
  title={BiolD: a multimodal biometric identification system},
  author={Frischholz, Robert W and Dieckmann, Ulrich},
  journal={Computer},
  volume={33},
  number={2},
  pages={64--68},
  year={2000},
  publisher={IEEE}
}

@inproceedings{aggarwal2008gradient,
  title={Gradient based textural characterization of fingerprints},
  author={Aggarwal, Gaurav and Ratha, Nalini K and Jea, Tsai-Yang and Bolle, Ruud M},
  booktitle={2008 IEEE Second International Conference on Biometrics: Theory, Applications and Systems},
  pages={1--5},
  year={2008},
  organization={IEEE}
}

@article{ullah2012using,
  title={Using challenge questions for student authentication in online examination},
  author={Ullah, Abrar and Xiao, Hannan and Lilley, Mariana and Barker, Trevor},
  journal={International Journal for Infonomics (IJI)},
  volume={5},
  number={3/4},
  pages={9},
  year={2012}
}

@article{horovitz2008two,
  title={Two wrongs don't negate a copyright: Don't make students Turnitin if you won't give it back},
  author={Horovitz, Samuel J},
  journal={Fla. L. Rev.},
  volume={60},
  pages={229},
  year={2008},
  publisher={HeinOnline}
}

@inproceedings{percival2008virtual,
  title={The virtual invigilator: A network-based security system for technology-enhanced assessments},
  author={Percival, Nathan and Percival, Jennifer and Martin, Clemens},
  booktitle={Proceedings of the World Congress on Engineering and Computer Science},
  pages={22--24},
  year={2008}
}

@article{newton1687,
  author  = {Isaac Newton},
  journal = {Philosophiæ Naturalis Principia Mathematica},
  title   = {Axioms or Laws of Motion},
  year    = {1687}
}

@misc{cetakbiruspacex,
  title   = {Cetak Biru Space X},
  url     = {https://id.pinterest.com/pin/344032859037191430/},
  urldate = {2021-05-18},
  year    = {2021}
}
